@article{baldares2013trastornos,
  title={Trastornos de la conducta alimentaria},
  author={Baldares, Mar{\'\i}a Jes{\'u}s Vargas},
  journal={Revista M{\'e}dica de Costa Rica y Centroam{\'e}rica},
  volume={70},
  number={607},
  pages={475--482},
  year={2013}
 }

 @article{ramirez2021repercusiones,
  title={Repercusiones de la pandemia de la COVID-19 en la salud mental de la poblaci{\'o}n general. Reflexiones y propuestas},
  author={Ram{\'\i}rez, Francisco Buitrago and Misol, Ramon Ciurana and Alonso, Mar{\'\i}a del Carmen Fern{\'a}ndez and Garc{\'\i}a, Jorge Luis Tiz{\'o}n},
  journal={Atencion Primaria},
  volume={53},
  number={7},
  pages={102143},
  year={2021},
  publisher={Elsevier}
}

 @article{dos2022emotional,
  title={Emotional eating in times of coronavirus disease 2019},
  author={dos Santos Aguilar, Jessika Gon{\c{c}}alves},
  journal={Nutrition},
  volume={93},
  year={2022},
  publisher={Elsevier Limited}
}
@misc{touyz2020eating,
  title={Eating disorders in the time of COVID-19},
  author={Touyz, Stephen and Lacey, Hubert and Hay, Phillipa},
  journal={Journal of eating disorders},
  volume={8},
  number={1},
  pages={1--3},
  year={2020},
  publisher={Springer}
}

@article{j2022impact,
  title={The impact of the COVID-19 pandemic on eating disorders: A systematic review},
  author={J Devoe, Daniel and Han, Angela and Anderson, Alida and Katzman, Debra K and Patten, Scott B and Soumbasis, Andrea and Flanagan, Jordyn and Paslakis, Georgios and Vyver, Ellie and Marcoux, Gisele and others},
  journal={International Journal of Eating Disorders},
  year={2022},
  publisher={Wiley Online Library}
}

@article{vall2021impacto,
  title={El impacto de la pandemia por covid-19 y del confinamiento en las alteraciones alimentarias y el malestar emocional en adolescentes y j{\'o}venes de Espa{\~n}a},
  author={Vall-Roqu{\'e}, Helena and Andr{\'e}s, Ana and Salda{\~n}a, Carmina},
  journal={Behavioral Psychology/Psicolog{\'\i}a Conductual},
  volume={29},
  number={2},
  pages={345--364},
  year={2021}
}
@mastersthesis{pozo2022impacto,
  title={Impacto del uso de la tecnolog{\'\i}a, redes sociales e informaci{\'o}n relacionada con COVID-19 sobre la salud mental durante la pandemia. Revisi{\'o}n bibliogr{\'a}fica.},
  author={Pozo Ayala, Mercedes Alexandra},
  year={2022},
  school={Quito: UCE}
}


@misc{WhatisBi40:online,
    author = {Balaji Niwlikar},
    title = {What is Biopsychosocial Model of Health? - Careershodh},
    howpublished = {\url{https://www.careershodh.com/what-is-biopsychosocial-model-of-health/}},
    month = {January},
    year = {2022},
    note = {(Accessed on 06/03/2022)}
}

 @misc{ Biopsych52:online,
   author = "Physiopedia",
   title = "Biopsychosocial Model --- Physiopedia{,} ",
   year = "2022",
   url = "https://www.physio-pedia.com/index.php?title=Biopsychosocial_Model&oldid=294189",
   note = "[Online; accessed 3-June-2022]"
 }
 
 @misc{WhatCaus58:online,
    author = {},
    title = {What Causes an Eating Disorder: A Biopsychosocial Perspective | Within Blog},
    howpublished = {\url{https://withinhealth.com/blog/posts/what-causes-an-eating-disorder-a-biopsychosocial-perspective#resources}},
    month = {January},
    year = {2022},
    note = {(Accessed on 06/03/2022)}
}

@article{pritts2003diagnosis,
  title={Diagnosis of eating disorders in primary care},
  author={Pritts, Sarah D and Susman, Jeffrey},
  journal={American Family Physician},
  volume={67},
  number={2},
  pages={297--304},
  year={2003}
}
@article{garfinkel1995views,
  title={Views on classification and diagnosis of eating disorders},
  author={Garfinkel, Paul E and Kennedy, Sidney H and Kaplan, Allan S},
  journal={The Canadian Journal of Psychiatry},
  volume={40},
  number={8},
  pages={445--456},
  year={1995},
  publisher={SAGE Publications Sage CA: Los Angeles, CA}
}
@article{bulik2005anorexia,
  title={Anorexia nervosa: definition, epidemiology, and cycle of risk},
  author={Bulik, Cynthia M and Reba, Lauren and Siega-Riz, Anna-Marie and Reichborn-Kjennerud, Ted},
  journal={International Journal of Eating Disorders},
  volume={37},
  number={S1},
  pages={S2--S9},
  year={2005},
  publisher={Wiley Online Library}
}

@article{mehler2003bulimia,
  title={Bulimia nervosa},
  author={Mehler, Philip S},
  journal={New England Journal of Medicine},
  volume={349},
  number={9},
  pages={875--881},
  year={2003},
  publisher={Mass Medical Soc}
}

@book{widiger1997dsm,
  title={DSM-IV sourcebook, Vol. 3.},
  author={Widiger, Thomas A and Frances, Allen J and Pincus, Harold Alan Ed and Ross, Ruth Ed and others},
  year={1997},
  publisher={American Psychiatric Publishing, Inc.}
}

@article{dingemans2002binge,
  title={Binge eating disorder: a review},
  author={Dingemans, AE and Bruna, MJ and Van Furth, EF},
  journal={International Journal of Obesity},
  volume={26},
  number={3},
  pages={299--307},
  year={2002},
  publisher={Nature Publishing Group}
}

@article{feldman2013techniques,
  title={Techniques and applications for sentiment analysis},
  author={Feldman, Ronen},
  journal={Communications of the ACM},
  volume={56},
  number={4},
  pages={82--89},
  year={2013},
  publisher={ACM New York, NY, USA}
}

@article{samuel1959some,
  title={Some studies in machine learning using the game of checkers},
  author={Samuel, Arthur L},
  journal={IBM Journal of research and development},
  volume={3},
  number={3},
  pages={210--229},
  year={1959},
  publisher={IBM}
}

@incollection{el2015machine,
  title={What is machine learning?},
  author={El Naqa, Issam and Murphy, Martin J},
  booktitle={machine learning in radiation oncology},
  pages={3--11},
  year={2015},
  publisher={Springer}
}

@article{ayodele2010types,
  title={Types of machine learning algorithms},
  author={Ayodele, Taiwo Oladipupo},
  journal={New advances in machine learning},
  volume={3},
  pages={19--48},
  year={2010},
  publisher={InTech Rijeka, Croatia}
}
@misc{WhatisUn52:online,
    author = {IBM Cloud Education},
    title = {What is Unsupervised Learning? | IBM},
    howpublished = {\url{https://www.ibm.com/cloud/learn/unsupervised-learning}},
    month = {September},
    year = {2020},
    note = {(Accessed on 06/04/2022)}
}
@book{sutton2018reinforcement,
  title={Reinforcement learning: An introduction},
  author={Sutton, Richard S and Barto, Andrew G},
  year={2018},
  publisher={MIT press}
}
@inproceedings{jindal2006identifying,
  title={Identifying comparative sentences in text documents},
  author={Jindal, Nitin and Liu, Bing},
  booktitle={Proceedings of the 29th annual international ACM SIGIR conference on Research and development in information retrieval},
  pages={244--251},
  year={2006}
}

@article{oksanen2015pro,
  title={Pro-anorexia and anti-pro-anorexia videos on YouTube: Sentiment analysis of user responses},
  author={Oksanen, Atte and Garcia, David and Sirola, Anu and N{\"a}si, Matti and Kaakinen, Markus and Keipi, Teo and R{\"a}s{\"a}nen, Pekka and others},
  journal={Journal of medical Internet research},
  volume={17},
  number={11},
  pages={e5007},
  year={2015},
  publisher={JMIR Publications Inc., Toronto, Canada}
}

@article{benitez2022traditional,
  title={Traditional Machine Learning Models and Bidirectional Encoder Representations From Transformer (BERT)--Based Automatic Classification of Tweets About Eating Disorders: Algorithm Development and Validation Study},
  author={Ben{\'\i}tez-Andrades, Jos{\'e} Alberto and Alija-P{\'e}rez, Jos{\'e}-Manuel and Vidal, Maria-Esther and Pastor-Vargas, Rafael and Garc{\'\i}a-Ord{\'a}s, Mar{\'\i}a Teresa},
  journal={JMIR Medical Informatics},
  volume={10},
  number={2},
  pages={e34492},
  year={2022},
  publisher={JMIR Publications Inc., Toronto, Canada}
 }
  
  
@misc{Welcomet44:online,
    author = {},
    title = {Python.org},
    howpublished = {\url{https://www.python.org/}},
    month = {},
    year = {},
    note = {(Accessed on 06/06/2022)}
}

@misc{pandasPy20:online,
    author = {},
    title = {pandas - Python Data Analysis Library},
    howpublished = {\url{https://pandas.pydata.org/}},
    month = {},
    year = {},
    note = {(Accessed on 06/06/2022)}
}

@misc{NLTKNatu6:online,
    author = {},
    title = {NLTK :: Natural Language Toolkit},
    howpublished = {\url{https://www.nltk.org/}},
    month = {},
    year = {},
    note = {(Accessed on 06/06/2022)}
}

@misc{scikitle66:online,
    author = {},
    title = {scikit-learn: machine learning in Python — scikit-learn 1.1.1 documentation},
    howpublished = {\url{https://scikit-learn.org/stable/}},
    month = {},
    year = {},
    note = {(Accessed on 06/06/2022)}
}

@misc{Welcomet8:online,
    author = {},
    title = {Welcome to Flask — Flask Documentation (2.1.x)},
    howpublished = {\url{https://flask.palletsprojects.com/en/2.1.x/}},
    month = {},
    year = {},
    note = {(Accessed on 06/06/2022)}
}

@misc{FlutterB22:online,
    author = {},
    title = {Flutter - Build apps for any screen},
    howpublished = {\url{https://flutter.dev/}},
    month = {},
    year = {},
    note = {(Accessed on 06/06/2022)}
}

@misc{https://doi.org/10.48550/arxiv.1806.05258,
  doi = {10.48550/ARXIV.1806.05258},
  url = {https://arxiv.org/abs/1806.05258},
  author = {Cohan, Arman and Desmet, Bart and Yates, Andrew and Soldaini, Luca and MacAvaney, Sean and Goharian, Nazli},
  keywords = {Computation and Language (cs.CL), FOS: Computer and information sciences, FOS: Computer and information sciences},
  title = {SMHD: A Large-Scale Resource for Exploring Online Language Usage for Multiple Mental Health Conditions},
  publisher = {arXiv},
  year = {2018},
  copyright = {Creative Commons Attribution 4.0 International}
}

@misc{JustAnot83:online,
    author = {JustAnotherArchivist},
    title = {JustAnotherArchivist/snscrape: A social networking service scraper in Python},
    howpublished = {\url{https://github.com/JustAnotherArchivist/snscrape}},
    month = {},
    year = {},
    note = {(Accessed on 06/12/2022)}
}
@misc{JasonKes0:online,
    author = {JasonKessler},
    title = {JasonKessler/scattertext: Beautiful visualizations of how language differs among document types.},
    howpublished = {\url{https://github.com/JasonKessler/scattertext#overview}},
    month = {},
    year = {},
    note = {(Accessed on 06/17/2022)}
}
@article{breiman2001random,
  title={Random forests},
  author={Breiman, Leo},
  journal={Machine learning},
  volume={45},
  number={1},
  pages={5--32},
  year={2001},
  publisher={Springer}
}
  
  @article{chauhan2019problem,
  title={Problem formulations and solvers in linear SVM: a review},
  author={Chauhan, Vinod Kumar and Dahiya, Kalpana and Sharma, Anuj},
  journal={Artificial Intelligence Review},
  volume={52},
  number={2},
  pages={803--855},
  year={2019},
  publisher={Springer}
}
@article{maalouf2011logistic,
  title={Logistic regression in data analysis: an overview},
  author={Maalouf, Maher},
  journal={International Journal of Data Analysis Techniques and Strategies},
  volume={3},
  number={3},
  pages={281--299},
  year={2011},
  publisher={Inderscience Publishers Ltd}
}

@article{acheampong2021transformer,
  title={Transformer models for text-based emotion detection: a review of BERT-based approaches},
  author={Acheampong, Francisca Adoma and Nunoo-Mensah, Henry and Chen, Wenyu},
  journal={Artificial Intelligence Review},
  volume={54},
  number={8},
  pages={5789--5829},
  year={2021},
  publisher={Springer}
}

@misc{BERTExpl89:online,
    author = {},
    title = {BERT Explained: State of the art language model for NLP | by Rani Horev | Towards Data Science},
    howpublished = {\url{https://towardsdatascience.com/bert-explained-state-of-the-art-language-model-for-nlp-f8b21a9b6270}},
    month = {},
    year = {},
    note = {(Accessed on 06/18/2022)}
}
@ARTICLE{7155422,
  author={Coronado, Miguel and Iglesias, Carlos A.},
  journal={IEEE Internet Computing}, 
  title={Task Automation Services: Automation for the Masses}, 
  year={2016},
  volume={20},
  number={1},
  pages={52-58},
  doi={10.1109/MIC.2015.73}}
  
@Article{electronics9081194,
    AUTHOR = {Muñoz, Sergio and Sánchez, Enrique and Iglesias, Carlos A.},
    TITLE = {An Emotion-Aware Learning Analytics System Based on Semantic Task Automation},
    JOURNAL = {Electronics},
    VOLUME = {9},
    YEAR = {2020},
    NUMBER = {8},
    ARTICLE-NUMBER = {1194},
    URL = {https://www.mdpi.com/2079-9292/9/8/1194},
    ISSN = {2079-9292},
}
@misc{EWEOntol89:online,
author = {},
title = {EWE Ontology Specification},
howpublished = {\url{https://www.gsi.upm.es/ontologies/ewe/}},
month = {},
year = {},
note = {(Accessed on 06/19/2022)}
}